%%SWARMALATORS
% Articles
#########################################################
%main articles
@article{O_Keeffe_2017,
   title={Oscillators that sync and swarm},
   volume={8},
   ISSN={2041-1723},
   url={http://dx.doi.org/10.1038/s41467-017-01190-3},
   DOI={10.1038/s41467-017-01190-3},
   number={1},
   journal={Nature Communications},
   publisher={Springer Science and Business Media LLC},
   author={O’Keeffe, Kevin P. and Hong, Hyunsuk and Strogatz, Steven H.},
   year={2017},
   month=nov }

@article{Sar_2022,
   title={Dynamics of swarmalators: A pedagogical review},
   volume={139},
   ISSN={1286-4854},
   url={http://dx.doi.org/10.1209/0295-5075/ac8445},
   DOI={10.1209/0295-5075/ac8445},
   number={5},
   journal={Europhysics Letters},
   publisher={IOP Publishing},
   author={Sar, Gourab Kumar and Ghosh, Dibakar},
   year={2022},
   month=aug, pages={53001} }
#########################################################
#########################################################
%Kuramoto model
@article{Acebron_2005,
author = {Acebron, Juan and Bonilla, Luis and Vicente, Conrad and Ritort, Felix and Spigler, Renato},
year = {2005},
month = {01},
pages = {137},
title = {The Kuramoto model: A simple paradigm for synchronization phenomena},
volume = {77},
journal = {Reviews of Modern Physics}
}

@article{Rodrigues_2016,
   title={The Kuramoto model in complex networks},
   volume={610},
   ISSN={0370-1573},
   url={http://dx.doi.org/10.1016/j.physrep.2015.10.008},
   DOI={10.1016/j.physrep.2015.10.008},
   journal={Physics Reports},
   publisher={Elsevier BV},
   author={Rodrigues, Francisco A. and Peron, Thomas K. DM. and Ji, Peng and Kurths, Jürgen},
   year={2016},
   month=jan, pages={1–98} }
#########################################################
#########################################################
%synchronization of frogs
@article{article,
author = {Aihara, Ikkyu and Kitahata, Hiroyuki and Yoshikawa, Kenichi and Aihara, Kazuyuki},
year = {2008},
month = {03},
pages = {29-32},
title = {Mathematical modeling of frogs’ calling behavior and its possible application to artificial life and robotics},
volume = {12},
journal = {Artificial Life and Robotics},
doi = {10.1007/s10015-007-0436-x}
}

@article{walker1969acoustic,
  author = {Walker, T. J.},
  title = {Acoustic synchrony: two mechanisms in the snowy tree cricket},
  journal = {Science},
  volume = {166},
  pages = {891--894},
  year = {1969}
}

@article{greenfield1994synchronous,
  author = {Greenfield, M. D.},
  title = {Synchronous and alternating choruses in insects and anurans: common mechanisms and diverse functions},
  journal = {American Zoologist},
  volume = {34},
  pages = {605--615},
  year = {1994}
}

@article{aihara2014spatio,
  author = {Aihara, I. and others},
  title = {Spatio-temporal dynamics in collective frog choruses examined by mathematical modeling and field observations},
  journal = {Scientific Reports},
  volume = {4},
  pages = {3891},
  year = {2014}
}
#########################################################
#########################################################
%magnetic colloids
@article{Yan2012LinkingST,
  title={Linking synchronization to self-assembly using magnetic Janus colloids},
  author={Jing Yan and Moses Bloom and Sung Chul Bae and Erik Luijten and Steve Granick},
  journal={Nature},
  year={2012},
  volume={491},
  pages={578-581},
  url={https://api.semanticscholar.org/CorpusID:4412072}
}

@article{Snezhko2011MagneticMO,
  title={Magnetic manipulation of self-assembled colloidal asters.},
  author={Alexey Snezhko and Igor S. Aranson},
  journal={Nature materials},
  year={2011},
  volume={10 9},
  pages={
          698-703
        },
  url={https://api.semanticscholar.org/CorpusID:24893653}
}

@article{osti_1344461,
title = {Driving self-assembly and emergent dynamics in colloidal suspensions by time-dependent magnetic fields},
author = {Martin, James E. and Snezhko, Alexey},
doi = {10.1088/0034-4885/76/12/126601},
journal = {Reports on Progress in Physics},
number = 12,
volume = 76,
place = {United States},
year = {2013},
month = {11}
}
###########################################################
###########################################################
%chemotactic oscillators
@article{tanaka2007general,
  author = {Tanaka, D.},
  title = {General chemotactic model of oscillators},
  journal = {Physical Review Letters},
  volume = {99},
  pages = {134103},
  year = {2007}
}

@article{iwasa2010hierarchical,
  author = {Iwasa, M. and Iida, K. and Tanaka, D.},
  title = {Hierarchical cluster structures in a one-dimensional swarm oscillator model},
  journal = {Physical Review E},
  volume = {81},
  pages = {046220},
  year = {2010}
}
###########################################################
###########################################################
%myxobacteria
@article{igoshin2001pattern,
  author = {Igoshin, O. A. and Mogilner, A. and Welch, R. D. and Kaiser, D. and Oster, G.},
  title = {Pattern formation and traveling waves in myxobacteria: theory and modeling},
  journal = {Proceedings of the National Academy of Sciences},
  volume = {98},
  pages = {14913--14918},
  year = {2001}
}
###########################################################

@article{ha2019emergent,
  author = {Seung-Yeal Ha, Jinwook Jung, Jeongho Kim, Jinyeong Park and Xiongtao Zhang},
  title = {Emergent behaviors of the swarmalator model for position-phase aggregation},
  journal = {Mathematical Models and Methods in Applied Sciences},
  volume = {29},
  number = {12},
  pages = {2225},
  year = {2019},
  doi = {https://doi.org/10.1142/S0218202519500453},
  publisher = {World Scientific Publishing Co}
}
###########################################
%biological swarms
@article{Carrillo2009,
author = {Carrillo, J. and D'Orsogna, Maria R. and Panferov, Vladislav},
year = {2009},
month = {06},
pages = {363-378},
title = {Double milling in self-propelled swarms from kinetic theory, preprint UAB},
volume = {2},
journal = {Kinet. Relat. Models},
doi = {10.3934/krm.2009.2.363}
}
###############################################
%%LANGUAGE DYNAMICS

% Articles
#########################################################
%main articles
@article{Ambrams2003,
author = {Abrams, Daniel and Strogatz, Steven},
year = {2003},
month = {09},
pages = {900},
title = {Linguistics - Modelling the dynamics of language death},
volume = {424},
journal = {Nature},
doi = {10.1038/424900a}
}

@article{Castello2008,
author = {Castelló, Xavier and Eguíluz, Víctor and Miguel, Maxi and Loureiro-Porto, Lucia and Toivonen, Riitta and Saramäki, Jari and Kaski, Kimmo},
year = {2008},
month = {05},
pages = {},
title = {Modelling language competition: bilingualism and complex social networks},
doi = {10.1142/9789812776129_0008}
}

@article{Toivonen2006,
title = "A Model For Social Networks",
keywords = "complex network, social network, complex network, social network, complex network, social network",
author = "Riitta Toivonen and Jukka-Pekka Onnela and Jari Saram{\"a}ki and J{\"o}rkki Hyv{\"o}nen and Kimmo Kaski",
year = "2006",
language = "English",
volume = "371",
pages = "851--860",
journal = "Physica A: Statistical Mechanics and its Applications",
issn = "0378-4371",
publisher = "Elsevier Science B.V.",
number = "2",
}

@article{Castell__2006,
   title={Ordering dynamics with two non-excluding options: bilingualism in language competition},
   volume={8},
   ISSN={1367-2630},
   url={http://dx.doi.org/10.1088/1367-2630/8/12/308},
   DOI={10.1088/1367-2630/8/12/308},
   number={12},
   journal={New Journal of Physics},
   publisher={IOP Publishing},
   author={Castelló, Xavier and Eguíluz, Víctor M and Miguel, Maxi San},
   year={2006},
   month=dec, pages={308–308} }



################################################
%%US COUNTIES

% Book example
@book{barrat2008dynamical,
  title={Dynamical processes on complex networks},
  author={Barrat, Alain and Barthelemy, Marc and Vespignani, Alessandro},
  year={2008},
  publisher={Cambridge university press}
}

% Article example
@article{de2013mathematical,
  title={Mathematical formulation of multilayer networks},
  author={De Domenico, Manlio and Sol{\'e}-Ribalta, Albert and Cozzo, Emanuele and Kivel{\"a}, Mikko and Moreno, Yamir and Porter, Mason A and G{\'o}mez, Sergio and Arenas, Alex},
  journal={Physical Review X},
  volume={3},
  number={4},
  pages={041022},
  year={2013},
  publisher={APS}
}

@article{bai2018sci,
  title={Social Connectdness: Measurement, Determinants, and Effects},
  author={Bailey, Michael and Cao, Rachel and Kuchler, Theresa and Stroebel, Johannes and Wong, Arlene},
  journal={Journal of Economic Perspectives},
  volume={32},
  number={3},
  pages={259--80},
  year={2018}
}


% Web link example
@misc{weforumProtectingCritical,
	author = {},
	title = {{P}rotecting critical infrastructure from a cyber pandemic --- weforum.org},
	howpublished = {\url{https://www.weforum.org/agenda/2021/10/protecting-critical-infrastructure-from-cyber-pandemic/}},
	year = {},
	note = {[Accessed 29-Mar-2023]}
}

%documentation social connectedness index
@misc{sciFacebook,
	author = {},
	title = {FB Social Connectedness Index},
	howpublished = {\url{https://data.humdata.org/dataset/social-connectedness-index}},
	year = {},
	note = {[Modified: 13 October 2021]}
}