
% Articles
#########################################################
%main articles
@article{Ambrams2003,
author = {Abrams, Daniel and Strogatz, Steven},
year = {2003},
month = {09},
pages = {900},
title = {Linguistics - Modelling the dynamics of language death},
volume = {424},
journal = {Nature},
doi = {10.1038/424900a}
}

@article{Castello2008,
author = {Castelló, Xavier and Eguíluz, Víctor and Miguel, Maxi and Loureiro-Porto, Lucia and Toivonen, Riitta and Saramäki, Jari and Kaski, Kimmo},
year = {2008},
month = {05},
pages = {},
title = {Modelling language competition: bilingualism and complex social networks},
doi = {10.1142/9789812776129_0008}
}

@article{Toivonen2006,
title = "A Model For Social Networks",
keywords = "complex network, social network, complex network, social network, complex network, social network",
author = "Riitta Toivonen and Jukka-Pekka Onnela and Jari Saram{\"a}ki and J{\"o}rkki Hyv{\"o}nen and Kimmo Kaski",
year = "2006",
language = "English",
volume = "371",
pages = "851--860",
journal = "Physica A: Statistical Mechanics and its Applications",
issn = "0378-4371",
publisher = "Elsevier Science B.V.",
number = "2",
}

@article{Castell__2006,
   title={Ordering dynamics with two non-excluding options: bilingualism in language competition},
   volume={8},
   ISSN={1367-2630},
   url={http://dx.doi.org/10.1088/1367-2630/8/12/308},
   DOI={10.1088/1367-2630/8/12/308},
   number={12},
   journal={New Journal of Physics},
   publisher={IOP Publishing},
   author={Castelló, Xavier and Eguíluz, Víctor M and Miguel, Maxi San},
   year={2006},
   month=dec, pages={308–308} }
