
% Book example
@book{barrat2008dynamical,
  title={Dynamical processes on complex networks},
  author={Barrat, Alain and Barthelemy, Marc and Vespignani, Alessandro},
  year={2008},
  publisher={Cambridge university press}
}

% Article example
@article{de2013mathematical,
  title={Mathematical formulation of multilayer networks},
  author={De Domenico, Manlio and Sol{\'e}-Ribalta, Albert and Cozzo, Emanuele and Kivel{\"a}, Mikko and Moreno, Yamir and Porter, Mason A and G{\'o}mez, Sergio and Arenas, Alex},
  journal={Physical Review X},
  volume={3},
  number={4},
  pages={041022},
  year={2013},
  publisher={APS}
}

@article{bai2018sci,
  title={Social Connectdness: Measurement, Determinants, and Effects},
  author={Bailey, Michael and Cao, Rachel and Kuchler, Theresa and Stroebel, Johannes and Wong, Arlene},
  journal={Journal of Economic Perspectives},
  volume={32},
  number={3},
  pages={259--80},
  year={2018}
}


% Web link example
@misc{weforumProtectingCritical,
	author = {},
	title = {{P}rotecting critical infrastructure from a cyber pandemic --- weforum.org},
	howpublished = {\url{https://www.weforum.org/agenda/2021/10/protecting-critical-infrastructure-from-cyber-pandemic/}},
	year = {},
	note = {[Accessed 29-Mar-2023]}
}

%documentation social connectedness index
@misc{sciFacebook,
	author = {},
	title = {FB Social Connectedness Index},
	howpublished = {\url{https://data.humdata.org/dataset/social-connectedness-index}},
	year = {},
	note = {[Modified: 13 October 2021]}
}